@article{chen2019comparison,
  title={A comparison of linear regression, regularization, and machine learning algorithms to develop {E}urope-wide spatial models of fine particles and nitrogen dioxide},
  author={Chen, Jie and de Hoogh, Kees and Gulliver, John and Hoffmann, Barbara and Hertel, Ole and Ketzel, Matthias and Bauwelinck, Mariska and van Donkelaar, Aaron and Hvidtfeldt, Ulla A and Katsouyanni, Klea and others},
  journal={Environment international},
  volume={130},
  pages={104934},
  year={2019},
    publisher={Elsevier}
}
@article{kerckhoffs2019performance,
  title={Performance of Prediction Algorithms for Modeling Outdoor Air Pollution Spatial Surfaces},
  author={Kerckhoffs, Jules and Hoek, Gerard and Portengen, Lützen and Brunekreef, Bert and Vermeulen, Roel CH},
  journal={Environmental science \& technology},
  volume={53},
  number={3},
  pages={1413--1421},
  year={2019},
  publisher={ACS Publications}
}
@article{DEHOOGH2014382,
title = "Comparing land use regression and dispersion modelling to assess residential exposure to ambient air pollution for epidemiological studies",
journal = "Environment International",
volume = "73",
pages = "382 - 392",
year = "2014",
issn = "0160-4120",
author = "Kees de Hoogh and Michal Korek and Danielle Vienneau and Menno Keuken and Jaakko Kukkonen and Mark J. Nieuwenhuijsen and Chiara Badaloni and Rob Beelen and Andrea Bolignano and Giulia Cesaroni and Marta Cirach Pradas and Josef Cyrys and John Douros and Marloes Eeftens and Francesco Forastiere and Bertil Forsberg and Kateryna Fuks and Ulrike Gehring and Alexandros Gryparis and John Gulliver and Anna L Hansell and Barbara Hoffmann and Christer Johansson and Sander Jonkers and Leena Kangas and Klea Katsouyanni and Nino Künzli and Timo Lanki and Michael Memmesheimer and Nicolas Moussiopoulos and Lars Modig and Göran Pershagen and Nicole Probst-Hensch and Christian Schindler and Tamara Schikowski and Dorothee Sugiri and Oriol Teixidó and Ming-Yi Tsai and Tarja Yli-Tuomi and Bert Brunekreef and Gerard Hoek and Tom Bellander"
}

@article{adam2014spatiotemporal,
  title={Spatiotemporal modeling of ozone levels in {Quebec (Canada)}: a comparison of kriging, land-use regression ({LUR}), and combined {B}ayesian maximum entropy--{LUR} approaches},
  author={Adam-Poupart, Ariane and Brand, Allan and Fournier, Michel and Jerrett, Michael and Smargiassi, Audrey},
  journal={Environmental health perspectives},
  volume={122},
  number={9},
  pages={970},
  year={2014},
  publisher={National Institute of Environmental Health Science}
}